% Encoding: UTF-8

@Book{exemplo_livroe,
  title         = {Título de obra},
  publisher     = {Editora},
  year          = {data de publicação},
  author        = {SOBRENOME, Prenome do Autor},
  address       = {Local de publicação},
  edition       = {Número da edição (se houver)},
  note          = {Descrição física},
  subtitle      = {subtítulo (se houver)},
  url           = {http://www.udesc.br/cct},
  urlaccessdate = {10 nov. 2020},
}

@Book{exemplo_livro,
  title     = {Título de obra},
  publisher = {Editora},
  year      = {data de publicação},
  author    = {SOBRENOME, Prenome do Autor},
  address   = {Local de publicação},
  edition   = {Número da edição (se houver)},
  subtitle  = {subtítulo (se houver)},
}

@MastersThesis{exemplo_dissertacao,
  author        = {SOBRENOME, Prenome do Autor},
  title         = {Título de obra},
  school        = {Vinculação acadêmica},
  year          = {data},
  address       = {local de apresentação/defesa},
  note          = {Descrição física},
  subtitle      = {subtítulo (se houver)},
  url           = {http://www.udesc.br/cct},
  urlaccessdate = {10 nov. 2020},
}

@PhdThesis{exemplo_tese,
  author        = {SOBRENOME, Prenome do Autor},
  title         = {Título de obra},
  school        = {Vinculação acadêmica},
  year          = {data},
  address       = {local de apresentação/defesa},
  note          = {Descrição física},
  subtitle      = {subtítulo (se houver)},
  url           = {http://www.udesc.br/cct},
  urlaccessdate = {10 nov. 2020},
}

@Article{exemplo_artigo,
  author        = {SOBRENOME, Prenome do Autor},
  title         = {Título do artigo},
  journal       = {Título do periódico},
  year          = {data ou período de publicação},
  volume        = {numeração do ano e/ou volume},
  number        = {número e/ou edição},
  pages         = {páginas inicial e final},
  address       = {Local de publicação},
  doi           = {DOI},
  subtitle      = {subtítulo (se houver)},
  url           = {http://www.udesc.br/cct},
  urlaccessdate = {10 nov. 2020},
}

@Comment{jabref-meta: databaseType:bibtex;}

%----------wit inicio------------

@Article{marcel:2016,
  author = 	 {Marcel Maggion Maia},
  title = 	 {Limites de gênero e presença feminina nos cursos superiores brasileiros do campo da computação},
  journal = 	 {Pagu},
  year = {2016}
}

@Article{suzane:2018,
    author = {Suzane Carvalho Da Vitória Barros and Luciana Mourão},
    title = {Panorama da participação feminina na educação superior, no mercado de trabalho e na sociedade},
    journal = {Psicologia e Sociedade},
    year = {2018},
    volume = {30}
}

@Article{klein:2018,
  title={Identifica{\c{c}}{\~a}o de mecanismos para a amplia{\c{c}}{\~a}o da transpar{\^e}ncia em portais de dados abertos: uma an{\'a}lise no contexto brasileiro},
  author={Klein, Rodrigo Hickmann and Klein, Deisy Cristina Barbiero and Luciano, Edimara Mezzomo},
  journal={Cadernos Ebape. br},
  volume={16},
  pages={692--715},
  year={2018},
  publisher={SciELO Brasil}
}

@inproceedings{moreira:2018,
 author = {Josilene A. Moreira and Ricardo M. Silva and Maria Eulina P. Carvalho},
 title = {Cenários Prospectivos: Uma Visão do Futuro da Presença Feminina em Cursos de Ciência da Computação de uma Instituição de Ensino Superior},
 booktitle = {Anais do XXVI Workshop sobre Educação em Computação},
 location = {Natal},
 year = {2018},
 keywords = {},
 issn = {2595-6175},
 publisher = {SBC},
 address = {Porto Alegre, RS, Brasil},
 doi = {10.5753/wei.2018.3519},
 url = {https://sol.sbc.org.br/index.php/wei/Article/view/3519}
}

@inproceedings{holanda:2019,
 author = {Maristela Holanda and Aleteia  Araujo},
 title = {Pós-graduação em Computação na Universidade de  Brasília: Um Grande Desafio na Diversidade de Gênero},
 booktitle = {Anais do XIII Women in Information Technology},
 location = {Belém},
 year = {2019},
 keywords = {},
 issn = {2763-8626},
 pages = {169--173},
 publisher = {SBC},
 address = {Porto Alegre, RS, Brasil},
 doi = {10.5753/wit.2019.6731},
 url = {https://sol.sbc.org.br/index.php/wit/Article/view/6731}
}

@Article{sigolo:2021,
 author = {Vanessa Moreira Sígolo and Thais Gava and Sandra Unbehaum},
 title = {Equidade de gênero na educação e nas ciências: novos desafios no Brasil atual},
 booktitle = {Cadernos Pagu},
 location = {},
 year = {2021},
 keywords = {},
 issn = {1809-4449},
 pages = {},
 publisher = {SciELO},
 address = {Brasil},
 doi = {10.1590/18094449202100630017},
 url = {https://www.scielo.br/j/cpa/a/jgB4hTT5v4S8q5F9kcPLVMn/?lang=pt#}
}

@Article{silva:2007,
  title={A evas{\~a}o no ensino superior brasileiro},
  author={Silva\textcolor{white}{-}Filho, Roberto Leal Lobo  and Motejunas, Paulo Roberto and Hip{\'o}lito, Oscar and Lobo, Maria Beatriz de Carvalho Melo},
  journal={Cadernos de pesquisa},
  volume={37},
  pages={641--659},
  year={2007},
  publisher={SciELO Brasil}
}

@misc{unesco:2018,
  title={Decifrar o c{\'o}digo: das meninas e mulheres em ci{\^e}ncias, tecnologia, engenharia e matem{\'a}tica (STEM)},
  author={UNESCO, Brasil},
  year={2018},
  publisher={Bras{\'\i}lia}
}

@Article{kryshko:2020,
title = {Do motivational regulation strategies contribute to university students' academic success?},
journal = {Learning and Individual Differences},
volume = {82},
pages = {101912},
year = {2020},
issn = {1041-6080},
doi = {https://doi.org/10.1016/j.lindif.2020.101912},
url = {https://www.sciencedirect.com/science/Article/pii/S1041608020300923},
author = {Olena Kryshko and Jens Fleischer and Julia Waldeyer and Joachim Wirth and Detlev Leutner},
keywords = {Motivational regulation strategies, Self-regulated learning, Academic success, Dropout intention, Academic performance},
abstract = {Based on the framework of self-regulated learning, we conducted a cross-sectional and a longitudinal study with university undergraduates (N1 = 249; N2 = 210) to examine the associations of using different motivational regulation strategies and two important aspects of academic success: academic performance and dropout intention. According to the Motivational Regulation Model of Schwinger and Stiensmeier-Pelster (2012), we assumed that motivational regulation strategies will positively predict academic performance and negatively predict dropout intention via increased academic effort. Results of both studies largely supported our assumptions. Furthermore, the overall score of motivational regulation strategies and most specific strategies significantly predicted both examined aspects of academic success after controlling for high school GPA as their major traditional predictor. Thus, our findings replicate and extend previous research on the relevance of motivational regulation strategies in the context of higher education, by highlighting their significant contributions to improving academic performance and reducing dropout intention.}
}

@online{dados:2017,
  title={Metodologia de C{\'a}lculo dos Indicadores de Fluxo da Educa{\c{c}}{\~a}o Superior},
  author={INEP},
  url={http://download.inep.gov.br/informacoes_estatisticas/indicadores_educacionais/2017/metodologia_indicadores_trajetoria_curso.pdf.},
  note= {Acesso em Fev. 2022},
  year={2017}
}

@online{dados:2019,
  title={Censo da Educa{\c{c}}{\~a}o superior de 2019, Divulga{\c{c}}{\~a}o dos resultados},
  author={INEP},
  url={https://download.inep.gov.br/educacao_superior/censo_superior/documentos/2020/Apresentacao_Censo_da_Educacao_Superior_2019.pdf},
  note= {Acesso em Fev. 2022},
  year={2020}
}

@Article{yasuhara:2005,
  title={Choosing Computer Science: Women at the Start of the Undergraduate Pipeline},
  author={Ken Yasuhara},
  journal={American Society for Engineering Education},
  year={2005},
  publisher={American Society for Engineering Education Annual Conference & Exposition}
}

@Article{NCWIT:2020,
  title={NCWIT Scorecard: The Status of Women in Technology},
  author={DuBow, W. and Gonzalez, J.J},
  journal={Boulder, CO: NCWIT},
  year={2020}
}

@inproceedings{utiyama:2003,
  title={Uma ferramenta de apoio ao controle da evas{\~a}o de alunos em cursos a dist{\^a}ncia via Internet},
  author={Utiyama, Fabiano and Borba, Sueli de F{\'a}tima Poppi},
  booktitle={Congresso Brasileiro de Computa{\c{c}}{\~a}o},
  volume={3},
  year={2003}
}

@inproceedings{maia:2005,
  title={Tecnologias de informa{\c{c}}{\~a}o e comunica{\c{c}}{\~a}o e os {\'\i}ndices de evas{\~a}o nos cursos a dist{\^a}ncia},
  author={Maia, M de C and Meirelles, F de S},
  booktitle={Proceedings of 12th International Congress of Distance Education},
  year={2005}
}
@Article{abbad:2005,
  title={Evas{\~a}o em Curso a Dist{\^a}ncia via Internet: explorando vari{\'a}veis explicativas},
  author={Abbad, GS and Carvalho, Renata Silveira and Zerbini, Tha{\'\i}s},
  journal={Encontro da ANPAD},
  volume={29},
  year={2005}
}

@Article{montmarquette:2001,
  title={The determinants of university dropouts: a bivariate probability model with sample selection},
  author={Claude Montmarquette and Sophie Mahseredjian and Rachel Houle},
  journal={Economics of education review},
  volume={20},
  number={5},
  pages={475--484},
  year={2001},
  publisher={Elsevier}
}

@Article{stratton:2008,
  title={A multinomial logit model of college stopout and dropout behavior},
  author={Leslie S.Stratton and Dennis M.O'Toole and James N.Wetzel},
  journal={Economics of education review},
  volume={27},
  number={3},
  pages={319--331},
  year={2008},
  publisher={Elsevier}
}

@Article{lanz:2014,
  title={O Corpo da roupa: a pessoa transg{\^e}nera entre a transgress{\~a}o e a coformidade com as normas de g{\^e}nero},
  author={Lanz, Let{\'\i}cia},
  year={2014}
}

@Article{uamusse:2020,
  title={A mulher em cursos de ci{\^e}ncias, tecnologia, engenharia e matem{\'a}tica no ensino superior mo{\c{c}}ambicano},
  author={Uamusse, Am{\'a}lia Alexandre and Cossa, Eugenia Flora Rosa and Kouleshova, Tatiana},
  journal={Revista Estudos Feministas},
  volume={28},
  year={2020},
  publisher={SciELO Brasil}
}

@Article{lunn:2021,
  title={Exploration of intersectionality and computer science demographics: Understanding the historical context of shifts in participation},
  author={Lunn, Stephanie and Zahedi, Leila and Ross, Monique and Ohland, Matthew},
  journal={ACM Transactions on Computing Education (TOCE)},
  volume={21},
  number={2},
  pages={1--30},
  year={2021},
  publisher={ACM New York, NY, USA}
}

%----------wit fim------------

 @misc{estatistica:2014, 
    title={Informe estatístico do Mec Revela Melhoria do Rendimento Escolar},
    author={INEP},
    url={https://www.gov.br/inep/pt-br/assuntos/noticias/censo-escolar/informe-estatistico-do-mec-revela-melhoria-do-rendimento-escolar}, journal={Instituto Nacional de Estudos e Pesquisas Educacionais Anísio Teixeira | Inep}, 
    publisher={INEP}, year={2014}, month={Jul}} 
    
@article{gaioso:2005,
  title={Evas{\~a}o discente na educa{\c{c}}{\~a}o superior: a perspectiva dos dirigentes e dos alunos},
  author={Gaioso, Natalícia Pacheco de Lacerda},
  journal={Bras{\'\i}lia: UCB},
  year={2005}
}

@article{fernandes:2005,
  title={Dilemas implicativos e ajustamento psicol{\'o}gico: Um estudo com alunos rec{\'e}m-chegados {\`a} Universidade do Minho},
  author={Fernandes, Eug{\'e}nia and Maia, {\^A}ngela and Meireles, Cl{\'a}udia and Rios, Sandra and Silva, Daniela and Feixas, Guillem},
  journal={International Journal of Clinical and Health Psychology},
  volume={5},
  number={2},
  pages={285--304},
  year={2005},
  publisher={Asociaci{\'o}n Espa{\~n}ola de Psicolog{\'\i}a Conductual}
}

@article{abbad:2006,
  title={Evas{\~a}o em curso via internet: explorando vari{\'a}veis explicativas},
  author={Abbad, Gard{\^e}nia and Carvalho, Renata Silveira and Zerbini, Tha{\'\i}s},
  journal={RAE eletr{\^o}nica},
  volume={5},
  year={2006},
  publisher={SciELO Brasil}
}

@article{diplomaccao:1996,
  title={reten{\c{c}}{\~a}o e evas{\~a}o nos cursos de gradua{\c{c}}{\~a}o em institui{\c{c}}{\~o}es de ensino superior p{\'u}blicas},
  author={MEC},
  journal={Avalia{\c{c}}{\~a}o: Revista de rede de avalia{\c{c}}{\~a}o institucional da educa{\c{c}}{\~a}o superior. Campinas},
  volume={1},
  number={2},
  pages={21--22},
  year={1997}
}

@article{antonio:2014,
  title={Compara{\c{c}}{\~a}o Entre Modelos de Taxas de Evas{\~a}o},
  author={Silva, Ant{\^o}nio Sim{\~o}es},
  journal={Cobenge 2014 - XLII Congresso Brasileiro de Educa{\c{c}}{\~a}o em Engenharia (COBENGE)},
  pages={1--5},
  year={2014}
}

@article{petersen:2015,
    author = "Kai Petersen and Sairam Vakkalanka and Ludwik Kuzniarz",
    title = "Guidelines for conducting systematic mapping studies in software engineering: An update",
    journal = "Information and Software Technology",
    volume = "64",
    pages = "1 - 18",
    year = "2015",
    }
    
@inproceedings{ferreira:2021,
  title={Dados Abertos Educacionais Brasileiros: Um Mapeamento Sistem{\'a}tico da Literatura},
  author={Ferreira, Leandro A and Rodrigues, Rodrigo L and de Souza, Rodrigo NPM},
  booktitle={Anais do XXXII Simp{\'o}sio Brasileiro de Inform{\'a}tica na Educa{\c{c}}{\~a}o},
  pages={1186--1195},
  year={2021},
  organization={SBC}
}

@article{barros:2020,
  title={Trajet{\'o}ria profissional de mulheres cientistas {\`a} luz dos estere{\'o}tipos de g{\^e}nero},
  author={Barros, Suzane Carvalho da Vit{\'o}ria and Mour{\~a}o, Luciana},
  journal={Psicologia em Estudo},
  volume={25},
  year={2020},
  publisher={SciELO Brasil}
}
@article{fernandes:2021,
  title={Brazilian women underrepresented in STEM fields},
  author={Fernandes, A},
  journal={Valor International},
  year={2021}
}

@online{unesco:2019,
  title={United Nations Educational, Scientific and Cultural Organization (Unesco). Women in science
(UIS Fact Sheet, 55)},
  author={UNESCO},
  url={http://uis.unesco.org/sites/default/files/documents/fs55-women-in-science2019-en.pdf},
  year={2019}
}

@article{alfred:2019,
  title={Advancing women of color in STEM: an imperative for US global competitiveness},
  author={Alfred, Mary V and Ray, Sarah M and Johnson, Michele A},
  journal={Advances in Developing Human Resources},
  volume={21},
  number={1},
  pages={114--132},
  year={2019},
  publisher={Sage Publications Sage CA: Los Angeles, CA}
}

@article{natansohn:2021,
  title={Digitalizando o cuidado: mulheres e novas codifica{\c{c}}{\~o}es para a {\'e}tica hacker},
  author={Natansohn, Graciela and Reis, Josemira},
  journal={cadernos pagu},
  year={2021},
  publisher={SciELO Brasil}
}

@article{iwamoto:2022,
  title={Mulheres nas STEM: um estudo brasileiro no di{\'a}rio oficial da uni{\~a}o},
  author={Iwamoto, Helga Midori},
  journal={Cadernos de Pesquisa},
  volume={52},
  pages={e09301--e09301},
  year={2022}
}

@inproceedings{lee:2010,
  title={Effective policies for supporting education and employment of women in science and technology},
  author={Lee, KJB},
  booktitle={UN Women Expert Group Meeting on Gender, Science and Technology},
  year={2010}
}

@inproceedings{moreira:2018,
  title={Cen{\'a}rios prospectivos: Uma vis{\~a}o do futuro da presen{\c{c}}a feminina em cursos de ci{\^e}ncia da computa{\c{c}}{\~a}o de uma institui{\c{c}}{\~a}o de ensino superior},
  author={Moreira, Josilene A and Silva, Ricardo M and Carvalho, Maria Eulina P},
  booktitle={Anais do XXVI Workshop sobre Educa{\c{c}}{\~a}o em Computa{\c{c}}{\~a}o},
  year={2018},
  organization={SBC}
}

@inproceedings{beck:2007,
  title={Forming a women's computer science support group},
  author={Beck, Jon},
  booktitle={Proceedings of the 38th SIGCSE technical symposium on Computer science education},
  pages={400--404},
  year={2007}
}

@inproceedings{fisk:2021,
  title={Increasing Women's Persistence in Computer Science by Decreasing Gendered Self-Assessments of Computing Ability},
  author={Fisk, Susan R and Wingate, Tiah and Battestilli, Lina and Stolee, Kathryn T},
  booktitle={Proceedings of the 26th ACM Conference on Innovation and Technology in Computer Science Education V. 1},
  pages={464--470},
  year={2021}
}

@book{creswell:2016,
  title={Qualitative inquiry and research design: Choosing among five approaches},
  author={Creswell, John W and Poth, Cheryl N},
  year={2016},
  publisher={Sage publications}
}

@article{johnson:2004,
  title={Mixed methods research: A research paradigm whose time has come},
  author={Johnson, R Burke and Onwuegbuzie, Anthony J},
  journal={Educational researcher},
  volume={33},
  number={7},
  pages={14--26},
  year={2004},
  publisher={Sage Publications Sage CA: Thousand Oaks, CA}
}

 @misc{CINE,
 title={Manual Para Classificação dos Cursos de Graduação e Sequenciais CINE Brasil}, url={https://download.inep.gov.br/publicacoes/institucionais/avaliacoes_e_exames_da_educacao_superior/manual_para_classificacao_dos_cursos_de_graducacao_e_sequenciais_cine_brasil.pdf},
 author={DEED},
 year={2004}
 } 
 
 @misc{meninas:digitais, title={- Meninas Digitais}, url={https://meninas.sbc.org.br/}, author={Meninas Digitais SBC}, publisher={Meninas Digitais}, year={2021}, month={Sep}} 
  
@article{sbc:2021,
  title={7 Motivos Para Você Promover a Diversidade de Gênero na TI},
  author={Ara{\'u}jo, Aletéia and Cappelli, Claudia and  Nakamura, Fabíola and Frigo, Luciana B. and Salgado, Luciana and Moro, Mirella M. and Braga, Ramayane and Viegas, Renata},
  journal={Diversidade de Gênero em Computação},
  number={44},
  pages={41--44},
  year={2021},
  publisher={Sociedade Brasileira de Computação}
}

@article{araujoM:2020,
  title={A participa{\c{c}}{\~a}o das mulheres nas {\'a}reas de STEM (Science, Technology Engineering and Mathematics)},
  author={de Ara{\'u}jo, Mariana Tonini and Tonini, Adriana Maria},
  journal={Revista de Ensino de Engenharia},
  volume={38},
  number={3},
  year={2020}
}

@article{oliveira:2019,
  title={STEM education and gender: a contribution to discussions in Brazil},
  author={Oliveira, Elisabete Regina Baptista de and Unbehaum, Sandra and Gava, Thais},
  journal={Cadernos de Pesquisa},
  volume={49},
  pages={130--159},
  year={2019},
  publisher={SciELO Brasil}
}

@inproceedings{mochetti2016ciencia,
  title={Ciencia da Computa{\c{c}}{\~a}o tamb{\'e}m {\'e} coisa de Menina!},
  author={Mochetti, Karina and Salgado, Luciana and Zerbinato, Ana Valladares and Souza, Beatriz Lopes and Avelino, Meirylene Rosa Emidio},
  booktitle={Anais do X Women in Information Technology},
  pages={11--15},
  year={2016},
  organization={SBC}
}

@article{holanda:2020,
  title={Iniciativas Educacionais para Perman{\^e}ncia das Mulheres em Cursos de Gradua{\c{c}}{\~a}o em Computa{\c{c}}{\~a}o no Brasil},
  author={Holanda, Maristela and Lima, Alice and Borges, Alice and Ketulhe, Kailany},
  journal={Proc. XII LAWCC XLVI CLEI},
  pages={1--12},
  year={2020}
}

@article{kitchenham:2009,
  title={Systematic literature reviews in software engineering--a systematic literature review},
  author={Kitchenham, Barbara and Brereton, O Pearl and Budgen, David and Turner, Mark and Bailey, John and Linkman, Stephen},
  journal={Information and software technology},
  volume={51},
  number={1},
  pages={7--15},
  year={2009},
  publisher={Elsevier}
}

@article{holanda:2020,
  title={Iniciativas Educacionais para Perman{\^e}ncia das Mulheres em Cursos de Gradua{\c{c}}{\~a}o em Computa{\c{c}}{\~a}o no Brasil},
  author={Holanda, Maristela and Lima, Alice and Borges, Alice and Ketulhe, Kailany},
  journal={Proc. XII LAWCC XLVI CLEI},
  pages={1--12},
  year={2020}
}

@inproceedings{duarte:2019,
  title={Mulheres na computa{\c{c}}{\~a}o: An{\'a}lises por sub-{\'a}reas},
  author={Duarte, Barbara and Moura, Ana and Moro, Mirella},
  booktitle={Anais do XIII Women in Information Technology},
  pages={174--178},
  year={2019},
  organization={SBC}
}